2608 3590
518 95 684 144 sECT.
720 96 775 143 II.
810 92 1150 143 INTESTINI
1184 93 1426 141 TENUIS
1454 92 1777 140 FUNCTIO.
2084 107 2158 150 2035

202 158 351 216 Quare
382 158 472 204 haec
519 156 699 216 physicis
742 156 999 213 experienda
1033 154 1316 211 relinquimus
1349 188 1362 210 ‚
1406 152 1564 199 sufficit
1612 154 1734 197 nobis
1782 150 1922 197 solum
1971 151 2163 197 calorem

144 215 282 262 facere
317 250 329 272 ‚
376 229 423 261 ut
468 217 643 272 integrae
677 214 833 259 balenae
865 248 876 270 ‚
907 214 948 258 ὃς
985 212 1202 271 elephanti
1236 227 1311 270 per
1340 225 1485 256 aerem
1531 211 1781 267 dissipentur
1812 245 1825 266 ‚
1867 208 1969 253 solis
2000 209 2155 254 ossibus

144 275 303 319 relictis
324 310 335 319 .
367 274 533 320 Sufficit
567 274 726 324 iterum
748 305 761 326 ‚
792 287 948 337 aquam
980 287 1032 316 eo
1066 272 1238 325 calore,
1270 269 1344 327 qui
1377 270 1422 313 in
1467 268 1676 313 intestinis
1726 268 1813 322 est,
1844 267 2041 312 celeriter
2084 281 2160 311 exu-

142 333 313 378 halare:
348 333 388 376 &
422 330 682 388 particula5‚
713 344 805 387 quae
837 331 1028 377 modorae
1060 331 1255 384 fuerant,
1303 342 1416 372 nunc
1447 324 1610 371 faetoris
1654 326 1835 370 nomine
1866 326 1917 369 de
1961 324 2158 381 corpori·

141 389 216 434 bus
249 391 434 434 secedere
466 391 481 439 (
504 406 514 431 1
535 389 549 439 )
574 421 582 431 .

201 447 309 492 Non
340 448 435 490 ideo
469 460 544 502 per
573 445 663 489 haec
695 446 896 503 explico,
928 457 974 493 ut
1006 445 1158 498 chylus
1189 445 1239 489 de
1288 442 1499 488 intestinis
1546 441 1651 495 (m)
1700 439 1922 484 adscendat
1958 454 1969 496 3
2019 454 2161 497 neque

143 504 262 549 enim
294 505 420 547 credo
452 503 497 548 in
528 518 735 559 vaporem
768 506 785 556 (
818 506 882 546 m*
917 508 933 558 )
964 502 1121 548 resolvi
1154 534 1167 556 ,
1198 516 1328 558 quem
1360 502 1537 556 chylum
1564 500 1736 554 album,
1768 497 2008 550 viscidum,
2038 500 2081 544 ὃ(
2112 499 2158 543 in

138 562 346 606 villorum
378 559 601 616 superficie
633 562 868 606 haerentem
900 561 1088 605 viderim
1116 593 1128 614 ,
1170 559 1212 603 ἃ
1245 560 1290 604 in
1322 575 1431 604 cavo
1462 557 1534 602 alii
1568 591 1578 601 .
1625 557 1671 601 Id
1720 568 1863 601 autem
1911 556 2016 598 volo
2048 587 2061 608 ,
2105 566 2155 601 ut

139 618 322 721 {nobilia
352 619 714 677 reddantur,quae
745 619 791 665 in
821 619 921 666 cibo
949 615 1726 675 firma,glutinosa,cohaerentia‚ad
1758 614 1975 660 fluendum
2007 614 2157 669 inepta

161 688 336 720 uer-unt.

198 733 264 778 Ut
295 734 472 779 demum
505 748 606 780 vere
637 735 823 780 omnino
854 749 1056 781 numerus
1087 732 1396 792 particularum
1444 731 1629 781 fixarum
1660 731 1705 776 in
1737 729 1948 774 alimento
1994 727 2162 772 minua=

138 801 236 845 tur,
268 792 309 836 8<
341 803 542 849 augeatur
572 808 774 838 numerus
807 793 1056 838 volatilium
1090 793 1403 837 molecularum
1424 826 1436 846 ,
1468 805 1562 846 quae
1594 791 1718 846 super
1749 788 1894 845 ignem
1947 786 1991 831 in
2023 784 2160 831 salem

137 849 360 894 urinosum
394 850 553 895 mutari
587 866 700 896 nunc
731 861 839 907 aptae
871 851 978 906 fint,
1012 865 1112 895 cum
1143 850 1260 906 prius
1292 863 1382 894 non
1411 848 1606 893 fuiffent.
1657 845 1979 904 Vegetabilium
2011 858 2162 888 recen-

137 906 252 951 tium
285 908 351 959 (n)
383 907 482 951 sales
515 908 708 965 plerIque
736 908 844 965 fixi,
876 908 970 966 post
1000 909 1274 965 putredinem
1307 921 1415 963 pene
1446 921 1598 957 omnes
1630 903 1723 949 sunt
1772 903 1992 947 volatiles.
2041 901 2163 965 Mul-

136 974 233 1009 tum
266 977 412 1010 autem
445 965 516 1009 hic
548 965 808 1011 diuturnitas
841 967 944 1012 facit
977 966 1145 1012 admoti
1180 965 1362 1012 caloris.
1394 965 1442 1010 A
1487 962 1751 1022 stagnatione
1792 960 1840 1005 in
1872 960 1957 1006 bile
2004 959 2160 1013 cystlca

134 1034 289 1067 natura
320 1023 514 1067 volatilis
548 1024 687 1069 oritur
718 1025 831 1078 (o).

196 1080 369 1124 Eaedem
401 1079 529 1124 causae
562 1082 879 1139 homogeneam
924 1093 1127 1127 naturam
1156 1081 1297 1127 maffae
1343 1079 1526 1135 chylosae
1570 1078 1733 1124 faciunt
1771 1107 1784 1128 ‚
1826 1091 1927 1139 cum
1975 1075 2162 1132 putredo

134 1137 372 1194 peculiares
405 1138 517 1181 vires
548 1154 784 1194 corporum
816 1138 997 1183 destruat
1029 1141 1125 1194 (p)
1162 1153 1174 1194 3
1207 1139 1249 1182 ὃ(
1281 1154 1457 1184 acorem
1489 1139 1632 1181 delent
1666 1170 1678 1190 ,
1710 1150 1810 1178 cum
1846 1132 2063 1190 pinguedo
2108 1133 2160 1177 ad

133 1194 366 1250 particulas
396 1194 534 1238 acidas
567 1198 781 1241 adhaerens
814 1211 879 1239 eas
912 1196 1057 1242 reddat
1092 1197 1292 1240 volatiles
1338 1196 1438 1251 (q)
1471 1226 1482 1238 .
1529 1194 1598 1237 Eo
1641 1191 1777 1248 magis
1822 1206 1929 1236 vero
1958 1189 2159 1234 similaris

133 1250 268 1296 massa
298 1250 518 1316 nascitur,
549 1253 776 1310 postquam
808 1254 1010 1311 pleraque
1052 1253 1301 1310 corpuscula
1331 1253 1382 1298 de
1430 1251 1529 1297 cibo
1560 1248 1852 1304 decesserunt,
1896 1261 2161 1306 quaecunque

132 1309 183 1353 ad
217 1309 364 1366 fugam
396 1323 564 1366 aptiora
594 1312 791 1357 fuerunt.

195 1366 496 1423 Imperfedlius
530 1368 604 1412 ista
637 1369 680 1412 in
715 1369 831 1413 tenui
865 1368 1070 1414 intestino
1100 1379 1336 1425 geruntur,
1368 1365 1596 1423 perfefflus
1646 1364 1692 1410 in
1722 1363 1885 1418 crasso,
1914 1361 1985 1407 ubi
2015 1373 2165 1420 putre-

133 1424 193 1468 do
224 1426 368 1480 major
398 1425 483 1480 est,
515 1425 789 1481 potiffimum
820 1428 999 1471 demum
1030 1426 1075 1470 in
1108 1424 1225 1470 re6'to
1256 1424 1485 1469 intestino.

196 1481 289 1525 Aer
320 1481 364 1525 in
396 1484 580 1528 humore
611 1483 788 1528 intritus
822 1499 917 1529 eam
950 1484 1147 1542 spumam
1193 1483 1327 1539 facit,
1357 1495 1491 1540 quam
1535 1479 1669 1538 aliqui
1715 1492 1797 1537 pro
1827 1477 1948 1536 figno
1984 1477 2165 1523 efferve-

132 1536 348 1587 scentium
380 1539 533 1587 salium
563 1541 802 1587 habuerunt
834 1543 944 1597 (r).

819 1654 857 1711 §.
890 1654 968 1702 IX.
999 1656 1156 1701 Saccus
1187 1653 1476 1711 intestinalis.

189 1767 343 1826 Quum
374 1785 529 1829 magna
560 1770 689 1828 copia
723 1770 817 1826 (a),
849 1772 973 1827 hujus
1005 1771 1203 1817 humoris
1236 1774 1288 1817 ad
1318 1768 1511 1818 intestini
1541 1766 1681 1815 tenuis
1712 1778 1924 1814 contenta
1967 1765 2162 1813 affunda-

133 1835 233 1879 tur,
264 1842 470 1883 magnam
501 1831 590 1886 ejus
622 1828 866 1873 utilitatem
899 1829 978 1873 effe
1012 1830 1271 1886 praevideas.

197 1882 493 1942 Intelligimus
526 1919 539 1940 ‚
571 1886 680 1929 hanc
714 1887 917 1939 aquulam
947 1889 1164 1943 depellere>
1207 1888 1257 1930 de
1291 1886 1409 1932 villis
1452 1884 1689 1930 adhaesuros
1738 1882 1938 1940 pusveres
1969 1915 1982 1937 ‚
2034 1882 2163 1928 visci*

144 1940 299 1996 dasque
332 1944 590 1999 particulas,
623 1943 875 1998 easdemque
919 1945 1107 1998 diluere,
1153 1958 1205 1989 ne
1249 1955 1321 1990 aut
1369 1954 1469 1989 ante
1512 1954 1685 1999 tempus
1718 1941 1847 1985 maffa
1892 1940 2063 1992 chylosa
2114 1942 2161 1986 in

135 1996 312 2062 crassam
346 2014 543 2045 naturam
576 2000 729 2053 abeat,
762 2002 810 2044 ad
845 2000 966 2046 suum
997 2002 1250 2047 intestinum
1282 2001 1453 2057 colique
1499 2000 1725 2045 valvulam
1765 2001 1876 2043 male
1924 1999 2157 2043 idoneam:

135 2055 180 2100 8<
212 2070 257 2099 m
287 2057 442 2113 primis
462 2092 475 2113 ,
507 2073 558 2102 ne
591 2058 733 2113 aliqua
771 2057 929 2102 viscida
961 2092 973 2112 ,
1005 2072 1076 2104 aut
1109 2058 1296 2103 sabulosa
1327 2056 1579 2115 corpuscula
1624 2057 1673 2101 ad
1723 2056 1976 2101 intestinum
2021 2058 2163 2100 adhae-

136 2111 301 2160 rescant
333 2149 345 2162 .
383 2116 501 2163 Nam
533 2116 668 2162 etiam
699 2130 800 2162 cum
832 2116 917 2162 hoc
948 2117 1141 2174 praefidio
1172 2117 1214 2161 ὅ(
1246 2117 1398 2162 calculi
1442 2116 1534 2169 (b)
1566 2129 1643 2173 per
1685 2113 1939 2161 intestinum
1983 2114 2161 2159 nascun-

2072 2183 2158 2228 tur,

188 2702 244 2750 (ι)
271 2709 438 2750 Vaporem
457 2705 504 2739 *de
531 2704 756 2740 fert-uentibus
780 2704 866 2740 cibis
892 2704 1048 2748 aufugere
1064 2728 1075 2746 ‚
1091 2696 1122 2739 ἐς
1183 2705 1594 2750 Philosprineipssertier
1619 2702 1712 2747 phys.
1740 2702 1785 2738 du
1808 2712 1900 2746 corp.
1926 2700 2162 2745 aninhp405ff

145 2751 340 2794 sanguinem
376 2751 482 2785 subiie
521 2776 532 2793 ,
581 2762 681 2794 atque
709 2752 919 2795 putredinem
956 2751 1122 2794 impedire
1225 2753 1321 2793 (πθ)
1347 2752 1485 2792 Penrose
1512 2752 1606 2790 Effay
1635 2761 1665 2793 p.
1695 2758 1750 2788 25⁶

144 2796 320 2832 Macbride
345 2807 379 2839 p.
404 2808 457 2835 ²3·
485 2798 674 2841 iterumque
709 2796 848 2839 chylum
890 2797 1004 2829 subtili
1031 2798 1123 2829 anti·
1227 2800 1288 2837 (n)
1318 2798 1392 2830 Phil
1433 2797 1533 2831 trans.
1561 2808 1596 2829 n.
1620 2806 1687 2828 101.
2011 2818 2014 2820 v

145 2841 272 2885 septim
299 2841 416 2884 spiritu
442 2841 579 2876 saturari
620 2855 652 2886 p.
682 2853 732 2882 19-
767 2845 797 2876 8<
832 2843 975 2884 denique
1003 2841 1122 2875 humo-
1230 2842 1284 2886 (o)
1311 2844 1466 2889 chsnay
1494 2838 1595 2877 Effai‘s
1621 2837 1859 2874 d’oeconomie
1884 2837 1990 2872 anim.
2014 2843 2040 2873 t.
2065 2848 2097 2871 2.
2126 2849 2159 2882 p.

144 2898 217 2922 rem
243 2887 377 2922 mistum
402 2880 462 2920 effe
480 2911 491 2929 ‚
516 2889 653 2933 glenum
679 2887 794 2922 subtili
821 2895 1017 2931 penetrante
1056 2887 1121 2930 spi.
1182 2900 1260 2930 275⁴

143 2933 216 2968 ritu
235 2956 247 2975 ‚
271 2934 301 2965 δι
326 2932 362 2965 in
388 2935 471 2966 statu
497 2936 559 2968 effe
583 2933 857 2967 fermentationis
894 2944 926 2977 p.
958 2939 1029 2966 162.
1058 2936 1122 2966 Ve-
1227 2933 1287 2978 (p)
1314 2936 1459 2967 Newton
1486 2942 1581 2976 oper.
1608 2941 1643 2976 p.
1670 2939 1770 2965 1000.

143 2990 222 3022 rum
247 2977 367 3019 chylus
391 2978 426 3010 in
451 2979 539 3013 vivis
563 2979 768 3013 animalibus
795 2979 882 3013 nihil
910 2977 1056 3013 ostendit
1080 2978 1120 3012 fi·
1227 2983 1288 3023 (q)
1312 2983 1470 3021 Macquer
1494 2978 1602 3012 chem.
1629 2985 1714 3023 prat.
1740 2986 1819 3023 mg.
1837 2986 1913 3019 441.
1937 2974 2032 3010 conf,
2053 2966 2161 3021 Qes⁶

144 3022 229 3058 m‘ile
245 3047 256 3064 ‚
280 3031 372 3057 totus
397 3025 538 3065 crassus,
564 3025 668 3059 etiam
694 3024 729 3058 in
755 3025 906 3058 muribus
937 3047 949 3065 ‚
988 3023 1083 3057 albus
1109 3047 1121 3065 ,
1181 3026 1241 3061 nai
1266 3034 1293 3058 t„
1320 3034 1352 3058 2.
1377 3034 1408 3065 p.
1437 3030 1510 3063 164,
1539 3026 1604 3059 ἃς,

142 3071 175 3104 8<
199 3069 331 3110 duleis,
356 3067 571 3108 vehementer
596 3070 821 3114 coagulabilis
845 3071 965 3104 Monro
989 3068 1031 3103 de
1057 3069 1123 3113 hy·
1228 3069 1283 3111 (Γ)
1309 3074 1350 3114 L·
1376 3071 1467 3103 ΧΧῙ·
1498 3080 1529 3113 P=
1556 3080 1613 3107 4²·

143 3114 248 3157 drope
275 3126 306 3158 p.
333 3125 386 3154 ²4·
415 3124 456 3154 εις
1227 3115 1285 3158 (a)
1310 3114 1394 3149 Se&
1424 3117 1448 3147 1.
1482 3113 1513 3155 §.
1539 3116 1589 3150 18.

188 3160 265 3202 (tn)
290 3166 353 3195 zas
381 3159 531 3196 vveuen
556 3160 614 3198 des
640 3166 779 3199 water-s
805 3172 839 3208 1>-
867 3172 921 3206 34.
947 3163 1127 3208 Morgagn.
1230 3162 1292 3206 (b)
1318 3160 1404 3197 sest.
1431 3163 1491 3196 lv.
